% !Mode:: "TeX:UTF-8"
%%% Local Variables:
%%% mode: latex
%%% TeX-master: t
%%% End:


@article{董彬虹2007短波通信的现状及发展趋势,
  title={短波通信的现状及发展趋势},
  author={董彬虹 and 李少谦},
  journal={信息与电子工程},
  volume={5},
  number={1},
  pages={1--5},
  year={2007}
}

@article{赵国栋2012短波地空语音组网中,
  title={短波地空语音组网中 VoIP 语音质量评估},
  author={赵国栋 and 李栓红 and 黄国策 and 田伟},
  journal={电视技术},
  volume={36},
  number={7},
  pages={56--59},
  year={2012}
}



@article{abadi2016tensorflow,
  title={Tensorflow: Large-scale machine learning on heterogeneous distributed systems},
  author={Abadi, Mart{\'\i}n and Agarwal, Ashish and Barham, Paul and Brevdo, Eugene and Chen, Zhifeng and Citro, Craig and Corrado, Greg S and Davis, Andy and Dean, Jeffrey and Devin, Matthieu and others},
  journal={arXiv preprint arXiv:1603.04467},
  year={2016}
}

@article{bazlamaccci2001minimum,
  title={Minimum-weight spanning tree algorithms a survey and empirical study},
  author={Bazlama{\c{c}}c{\i}, C{\"u}neyt F and Hindi, Khalil S},
  journal={Computers \& Operations Research},
  volume={28},
  number={8},
  pages={767--785},
  year={2001},
  publisher={Elsevier}
}

@article{yao19750,
  title={An 0 (| E| loglog| V|) algorithm for finding minimum spanning trees},
  author={Yao, Andrew Chi-Chih},
  journal={Information Processing Letters},
  volume={4},
  number={1},
  pages={21--23},
  year={1975},
  publisher={Elsevier}
}

@article{karger1995randomized,
  title={A randomized linear-time algorithm to find minimum spanning trees},
  author={Karger, David R and Klein, Philip N and Tarjan, Robert E},
  journal={Journal of the ACM (JACM)},
  volume={42},
  number={2},
  pages={321--328},
  year={1995},
  publisher={ACM}
}


@misc{burbeck87,
  added-at = {2012-11-16T18:43:15.000+0100},
  author = {Burbeck, Steve},
  biburl = {https://www.bibsonomy.org/bibtex/23bb13628af9222319ca70601d8416903/philipps},
  interhash = {935d513a61dedafefeb32d63c6e32a96},
  intrahash = {3bb13628af9222319ca70601d8416903},
  keywords = {mvc seusseminar smalltalk},
  timestamp = {2012-11-16T18:43:16.000+0100},
  title = {Applications Programming in Smalltalk-80(TM): How to use Model-View-Controller (MVC)},
  url = {http://st-www.cs.uiuc.edu/users/smarch/st-docs/mvc.html},
  year = 1987
}

@article{wang2017hybrid,
  title={Hybrid satellite-aerial-terrestrial networks in emergency scenarios: a survey},
  author={Wang, Ying and Xu, Yichun and Zhang, Yuan and Zhang, Ping},
  journal={China Communications},
  volume={14},
  number={7},
  pages={1--13},
  year={2017},
  publisher={IEEE}
}

@article{rec1996p,
  title={P. 800: Methods for subjective determination of transmission quality},
  author={Rec, ITUT},
  journal={International Telecommunication Union, Geneva},
  year={1996}
}

@article{recommendation2001perceptual,
  title={Perceptual evaluation of speech quality (PESQ): An objective method for end-to-end speech quality assessment of narrow-band telephone networks and speech codecs},
  author={Recommendation, ITU-T},
  journal={Rec. ITU-T P. 862},
  year={2001}
}

@article{rec2011p,
  title={P. 863,“Perceptual Objective Listening Quality Assessment (POLQA)”},
  author={Rec, ITUT},
  journal={International Telecommunication Union, CH-Geneva},
  year={2011}
}

@article{moller2011speech,
  title={Speech quality estimation: Models and trends},
  author={M{\"o}ller, Sebastian and Chan, Wai-Yip and C{\^o}t{\'e}, Nicolas and Falk, Tiago H and Raake, Alexander and W{\"a}ltermann, Marcel},
  journal={IEEE Signal Processing Magazine},
  volume={28},
  number={6},
  pages={18--28},
  year={2011},
  publisher={IEEE}
}

@article{gray2000non,
  title={Non-intrusive speech-quality assessment using vocal-tract models},
  author={Gray, P and Hollier, MP and Massara, RE},
  journal={IEE Proceedings-Vision, Image and Signal Processing},
  volume={147},
  number={6},
  pages={493--501},
  year={2000},
  publisher={IET}
}

@article{falk2006nonintrusive,
  title={Nonintrusive speech quality estimation using Gaussian mixture models},
  author={Falk, Tiago H and Chan, Wai-Yip},
  journal={IEEE Signal Processing Letters},
  volume={13},
  number={2},
  pages={108--111},
  year={2006},
  publisher={IEEE}
}

@article{kim2007anique+,
  title={ANIQUE+: A new American national standard for non-intrusive estimation of narrowband speech quality},
  author={Kim, Doh-Suk and Tarraf, Ahmed},
  journal={Bell Labs Technical Journal},
  volume={12},
  number={1},
  pages={221--236},
  year={2007},
  publisher={Wiley Online Library}
}

@article{grancharov2006low,
  title={Low-complexity, nonintrusive speech quality assessment},
  author={Grancharov, Volodya and Zhao, David Yuheng and Lindblom, Jonas and Kleijn, W Bastiaan},
  journal={IEEE Transactions on Audio, Speech, and Language Processing},
  volume={14},
  number={6},
  pages={1948--1956},
  year={2006},
  publisher={IEEE}
}

@inproceedings{narwaria2010non,
  title={Non-intrusive speech quality assessment with support vector regression},
  author={Narwaria, Manish and Lin, Weisi and McLoughlin, Ian Vince and Emmanuel, Sabu and Tien, Chia Liang},
  booktitle={International Conference on Multimedia Modeling},
  pages={325--335},
  year={2010},
  organization={Springer}
}

@article{patton2016automos,
  title={AutoMOS: Learning a non-intrusive assessor of naturalness-of-speech},
  author={Patton, Brian and Agiomyrgiannakis, Yannis and Terry, Michael and Wilson, Kevin and Saurous, Rif A and Sculley, D},
  journal={arXiv preprint arXiv:1611.09207},
  year={2016}
}

@article{sharma2016data,
  title={A data-driven non-intrusive measure of speech quality and intelligibility},
  author={Sharma, Dushyant and Wang, Yu and Naylor, Patrick A and Brookes, Mike},
  journal={Speech Communication},
  volume={80},
  pages={84--94},
  year={2016},
  publisher={Elsevier}
}

@article{liu2017novel,
  title={A novel two-layer model for overall quality assessment of multichannel audio},
  author={Liu, Jiyue and Wang, Jing and Liu, Min and Xie, Xiang and Kuang, Jingming},
  journal={China Communications},
  volume={14},
  number={9},
  pages={42--51},
  year={2017},
  publisher={IEEE}
}

@article{malfait2006p,
  title={P. 563—The ITU-T standard for single-ended speech quality assessment},
  author={Malfait, Ludovic and Berger, Jens and Kastner, Martin},
  journal={IEEE Transactions on Audio, Speech, and Language Processing},
  volume={14},
  number={6},
  pages={1924--1934},
  year={2006},
  publisher={IEEE}
}

